@article{segler2017neural,
  title={Neural-symbolic machine learning for retrosynthesis and reaction prediction},
  author={Segler, Marwin HS and Waller, Mark P},
  journal={Chemistry--A European Journal},
  volume={23},
  number={25},
  pages={5966--5971},
  year={2017},
  publisher={Wiley Online Library}
}

@article{segler2017learning,
  title={Learning to plan chemical syntheses},
  author={Segler, Marwin HS and Preuss, Mike and Waller, Mark P},
  journal={arXiv preprint arXiv:1708.04202},
  year={2017}
}

@article{xu2019deep,
  title={Deep learning for molecular generation},
  author={Xu, Youjun and Lin, Kangjie and Wang, Shiwei and Wang, Lei and Cai, Chenjing and Song, Chen and Lai, Luhua and Pei, Jianfeng},
  journal={Future medicinal chemistry},
  volume={11},
  number={6},
  pages={567--597},
  year={2019},
  publisher={Future Science}
}

@article{min2017deep,
  title={Deep learning in bioinformatics},
  author={Min, Seonwoo and Lee, Byunghan and Yoon, Sungroh},
  journal={Briefings in bioinformatics},
  volume={18},
  number={5},
  pages={851--869},
  year={2017},
  publisher={Oxford University Press}
}

@book{scholkopf2001learning,
  title={Learning with kernels: support vector machines, regularization, optimization, and beyond},
  author={Scholkopf, Bernhard and Smola, Alexander J},
  year={2001},
  publisher={MIT press}
}

@inproceedings{scholkopf2001generalized,
  title={A generalized representer theorem},
  author={Sch{\"o}lkopf, Bernhard and Herbrich, Ralf and Smola, Alex J},
  booktitle={International conference on computational learning theory},
  pages={416--426},
  year={2001},
  organization={Springer}
}

@book{steinwart2008support,
  title={Support vector machines},
  author={Steinwart, Ingo and Christmann, Andreas},
  year={2008},
  publisher={Springer Science \& Business Media}
}

@inproceedings{cho2009kernel,
  title={Kernel methods for deep learning},
  author={Cho, Youngmin and Saul, Lawrence K},
  booktitle={Advances in neural information processing systems},
  pages={342--350},
  year={2009}
}

@inproceedings{jose2013local,
  title={Local deep kernel learning for efficient non-linear svm prediction},
  author={Jose, Cijo and Goyal, Prasoon and Aggrwal, Parv and Varma, Manik},
  booktitle={International conference on machine learning},
  pages={486--494},
  year={2013}
}

@inproceedings{zaheer2017deep,
  title={Deep sets},
  author={Zaheer, Manzil and Kottur, Satwik and Ravanbakhsh, Siamak and Poczos, Barnabas and Salakhutdinov, Ruslan R and Smola, Alexander J},
  booktitle={Advances in neural information processing systems},
  pages={3391--3401},
  year={2017}
}

@inproceedings{finn2017model,
  title={Model-agnostic meta-learning for fast adaptation of deep networks},
  author={Finn, Chelsea and Abbeel, Pieter and Levine, Sergey},
  booktitle={Proceedings of the 34th International Conference on Machine Learning-Volume 70},
  pages={1126--1135},
  year={2017},
  organization={JMLR. org}
}

@incollection{thrun1998learning,
  title={Learning to learn: Introduction and overview},
  author={Thrun, Sebastian and Pratt, Lorien},
  booktitle={Learning to learn},
  pages={3--17},
  year={1998},
  publisher={Springer}
}

@article{vilalta2002perspective,
  title={A perspective view and survey of meta-learning},
  author={Vilalta, Ricardo and Drissi, Youssef},
  journal={Artificial intelligence review},
  volume={18},
  number={2},
  pages={77--95},
  year={2002},
  publisher={Springer}
}

@article{chen2019closer,
  title={A closer look at few-shot classification},
  author={Chen, Wei-Yu and Liu, Yen-Cheng and Kira, Zsolt and Wang, Yu-Chiang Frank and Huang, Jia-Bin},
  journal={arXiv preprint arXiv:1904.04232},
  year={2019}
}

@article{yaqing2019review,
  author    = {Yaqing Wang and
               Quanming Yao},
  title     = {Few-shot Learning: {A} Survey},
  journal   = {CoRR},
  volume    = {abs/1904.05046},
  year      = {2019},
  url       = {http://arxiv.org/abs/1904.05046},
  archivePrefix = {arXiv},
  eprint    = {1904.05046},
  timestamp = {Thu, 25 Apr 2019 13:55:01 +0200},
  biburl    = {https://dblp.org/rec/bib/journals/corr/abs-1904-05046},
  bibsource = {dblp computer science bibliography, https://dblp.org}
}

@article{kim2019attentive,
  title={Attentive neural processes},
  author={Kim, Hyunjik and Mnih, Andriy and Schwarz, Jonathan and Garnelo, Marta and Eslami, Ali and Rosenbaum, Dan and Vinyals, Oriol and Teh, Yee Whye},
  journal={arXiv preprint arXiv:1901.05761},
  year={2019}
}

@article{garnelo2018neural,
  title={Neural processes},
  author={Garnelo, Marta and Schwarz, Jonathan and Rosenbaum, Dan and Viola, Fabio and Rezende, Danilo J and Eslami, SM and Teh, Yee Whye},
  journal={arXiv preprint arXiv:1807.01622},
  year={2018}
}

@article{hsu2003practical,
  title={A practical guide to support vector classification},
  author={Hsu, Chih-Wei and Chang, Chih-Chung and Lin, Chih-Jen and others},
  year={2003},
  publisher={Taipei}
}

@inproceedings{perez2018film,
  title={Film: Visual reasoning with a general conditioning layer},
  author={Perez, Ethan and Strub, Florian and De Vries, Harm and Dumoulin, Vincent and Courville, Aaron},
  booktitle={Thirty-Second AAAI Conference on Artificial Intelligence},
  year={2018}
}

@article{ha2016hypernetworks,
  title={Hypernetworks},
  author={Ha, David and Dai, Andrew and Le, Quoc V},
  journal={arXiv preprint arXiv:1609.09106},
  year={2016}
}

@inproceedings{vaswani2017attention,
  title={Attention is all you need},
  author={Vaswani, Ashish and Shazeer, Noam and Parmar, Niki and Uszkoreit, Jakob and Jones, Llion and Gomez, Aidan N and Kaiser, {\L}ukasz and Polosukhin, Illia},
  booktitle={Advances in neural information processing systems},
  pages={5998--6008},
  year={2017}
}

@article{li2017meta,
  title={Meta-sgd: Learning to learn quickly for few-shot learning},
  author={Li, Zhenguo and Zhou, Fengwei and Chen, Fei and Li, Hang},
  journal={arXiv preprint arXiv:1707.09835},
  year={2017}
}

@article{Loo2019regression,
  title={Few-shot regression via
learned basis functions},
  author={Yi Loo, Swee Kiat Lim, Gemma Roig, Ngai-Man Cheung},
  journal={open review preprint:r1ldYi9rOV},
  year={2019}
}

@article{polishchuk2013estimation,
  title={Estimation of the size of drug-like chemical space based on GDB-17 data},
  author={Polishchuk, Pavel G and Madzhidov, Timur I and Varnek, Alexandre},
  journal={Journal of computer-aided molecular design},
  volume={27},
  number={8},
  pages={675--679},
  year={2013},
  publisher={Springer}
}


@article{cherkasov2014qsar,
  title={QSAR modeling: where have you been? Where are you going to?},
  author={Cherkasov, Artem and Muratov, Eugene N and Fourches, Denis and Varnek, Alexandre and Baskin, Igor I and Cronin, Mark and Dearden, John and Gramatica, Paola and Martin, Yvonne C and Todeschini, Roberto and others},
  journal={Journal of medicinal chemistry},
  volume={57},
  number={12},
  pages={4977--5010},
  year={2014},
  publisher={ACS Publications}
}

@article{bohacek1996art,
  title={The art and practice of structure-based drug design: a molecular modeling perspective},
  author={Bohacek, Regine S and McMartin, Colin and Guida, Wayne C},
  journal={Medicinal research reviews},
  volume={16},
  number={1},
  pages={3--50},
  year={1996},
  publisher={Wiley Online Library}
}

@article{tenenbaum2000separating,
  title={Separating style and content with bilinear models},
  author={Tenenbaum, Joshua B and Freeman, William T},
  journal={Neural computation},
  volume={12},
  number={6},
  pages={1247--1283},
  year={2000},
  publisher={MIT Press}
}

@inproceedings{williams2001using,
  title={Using the Nystr{\"o}m method to speed up kernel machines},
  author={Williams, Christopher KI and Seeger, Matthias},
  booktitle={Advances in neural information processing systems},
  pages={682--688},
  year={2001}
}

@article{garnelo2018conditional,
  title={Conditional neural processes},
  author={Garnelo, Marta and Rosenbaum, Dan and Maddison, Chris J and Ramalho, Tiago and Saxton, David and Shanahan, Murray and Teh, Yee Whye and Rezende, Danilo J and Eslami, SM},
  journal={arXiv preprint arXiv:1807.01613},
  year={2018}
}

@inproceedings{wilson2015kernel,
  title={Kernel interpolation for scalable structured Gaussian processes (KISS-GP)},
  author={Wilson, Andrew and Nickisch, Hannes},
  booktitle={International Conference on Machine Learning},
  pages={1775--1784},
  year={2015}
}


@article{iwata2017improving,
  title={Improving output uncertainty estimation and generalization in deep learning via neural network Gaussian processes},
  author={Iwata, Tomoharu and Ghahramani, Zoubin},
  journal={arXiv preprint arXiv:1707.05922},
  year={2017}
}

@article{kim2018bayesian,
  title={Bayesian model-agnostic meta-learning},
  author={Kim, Taesup and Yoon, Jaesik and Dia, Ousmane and Kim, Sungwoong and Bengio, Yoshua and Ahn, Sungjin},
  journal={arXiv preprint arXiv:1806.03836},
  year={2018}
}
@inproceedings{wilson2016deep,
  title={Deep kernel learning},
  author={Wilson, Andrew Gordon and Hu, Zhiting and Salakhutdinov, Ruslan and Xing, Eric P},
  booktitle={Artificial Intelligence and Statistics},
  pages={370--378},
  year={2016}
}

@article{li2019implicit,
  title={Implicit Kernel Learning},
  author={Li, Chun-Liang and Chang, Wei-Cheng and Mroueh, Youssef and Yang, Yiming and P{\'o}czos, Barnab{\'a}s},
  journal={arXiv preprint arXiv:1902.10214},
  year={2019}
}

@inproceedings{Dasgupta2018FiniteRD,
  title={Finite Rank Deep Kernel Learning},
  author={Sambarta Dasgupta and Kumar Sricharan and Ashok Srivastava},
  year={2018}
}

@article{nikolova2003approaches,
  title={Approaches to measure chemical similarity--a review},
  author={Nikolova, Nina and Jaworska, Joanna},
  journal={QSAR \& Combinatorial Science},
  volume={22},
  number={9-10},
  pages={1006--1026},
  year={2003},
  publisher={Wiley Online Library}
}

@article{olier2018meta,
  title={Meta-QSAR: a large-scale application of meta-learning to drug design and discovery},
  author={Olier, Ivan and Sadawi, Noureddin and Bickerton, G Richard and Vanschoren, Joaquin and Grosan, Crina and Soldatova, Larisa and King, Ross D},
  journal={Machine Learning},
  volume={107},
  number={1},
  pages={285--311},
  year={2018},
  publisher={Springer}
}

@article{scholkopf1999input,
  title={Input space versus feature space in kernel-based methods},
  author={Sch{\"o}lkopf, Bernhard and Mika, Sebastian and Burges, Chris JC and Knirsch, Philipp and M{\"u}ller, Klaus-Robert and R{\"a}tsch, Gunnar and Smola, Alexander J},
  journal={IEEE transactions on neural networks},
  volume={10},
  number={5},
  pages={1000--1017},
  year={1999},
  publisher={Citeseer}
}


@article{moriwaki2018mordred,
  title={Mordred: a molecular descriptor calculator},
  author={Moriwaki, Hirotomo and Tian, Yu-Shi and Kawashita, Norihito and Takagi, Tatsuya},
  journal={Journal of cheminformatics},
  volume={10},
  number={1},
  pages={4},
  year={2018},
  publisher={Nature Publishing Group}
}

@electronic{rdkit,
author = {Greg, Landrum and others},
title = {RDKit: Open-source cheminformatics},
url = {http://www.rdkit.org},
year ={2019}
}


@inproceedings{koch2015siamese,
  title={Siamese neural networks for one-shot image recognition},
  author={Koch, Gregory and Zemel, Richard and Salakhutdinov, Ruslan},
  booktitle={ICML deep learning workshop},
  volume={2},
  year={2015}
}

@inproceedings{kim2019edge,
  title={Edge-Labeling Graph Neural Network for Few-shot Learning},
  author={Kim, Jongmin and Kim, Taesup and Kim, Sungwoong and Yoo, Chang D},
  booktitle={Proceedings of the IEEE Conference on Computer Vision and Pattern Recognition},
  pages={11--20},
  year={2019}
}

@article{gordon2018meta,
  title={Meta-learning probabilistic inference for prediction},
  author={Gordon, Jonathan and Bronskill, John and Bauer, Matthias and Nowozin, Sebastian and Turner, Richard E},
  journal={arXiv preprint arXiv:1805.09921},
  year={2018}
}

@inproceedings{vinyals2016matching,
  title={Matching networks for one shot learning},
  author={Vinyals, Oriol and Blundell, Charles and Lillicrap, Timothy and Wierstra, Daan and others},
  booktitle={Advances in neural information processing systems},
  pages={3630--3638},
  year={2016}
}

@inproceedings{snell2017prototypical,
  title={Prototypical networks for few-shot learning},
  author={Snell, Jake and Swersky, Kevin and Zemel, Richard},
  booktitle={Advances in Neural Information Processing Systems},
  pages={4077--4087},
  year={2017}
}

@article{bertinetto2018meta,
  title={Meta-learning with differentiable closed-form solvers},
  author={Bertinetto, Luca and Henriques, Joao F and Torr, Philip HS and Vedaldi, Andrea},
  journal={arXiv preprint arXiv:1805.08136},
  year={2018}
}

@article{garcia2017few,
  title={Few-shot learning with graph neural networks},
  author={Garcia, Victor and Bruna, Joan},
  journal={arXiv preprint arXiv:1711.04043},
  year={2017}
}

@inproceedings{sung2018learning,
  title={Learning to compare: Relation network for few-shot learning},
  author={Sung, Flood and Yang, Yongxin and Zhang, Li and Xiang, Tao and Torr, Philip HS and Hospedales, Timothy M},
  booktitle={Proceedings of the IEEE Conference on Computer Vision and Pattern Recognition},
  pages={1199--1208},
  year={2018}
}

@article{hoerl1970ridge,
  title={Ridge regression: Biased estimation for nonorthogonal problems},
  author={Hoerl, Arthur E and Kennard, Robert W},
  journal={Technometrics},
  volume={12},
  number={1},
  pages={55--67},
  year={1970},
  publisher={Taylor \& Francis Group}
}

@article{saunders1998ridge,
  title={Ridge regression learning algorithm in dual variables},
  author={Saunders, Craig and Gammerman, Alexander and Vovk, Volodya},
  year={1998}
}

@inproceedings{vapnik1992principles,
  title={Principles of risk minimization for learning theory},
  author={Vapnik, Vladimir},
  booktitle={Advances in neural information processing systems},
  pages={831--838},
  year={1992}
}

@book{marlin2004collaborative,
  title={Collaborative filtering: A machine learning perspective},
  author={Marlin, Benjamin},
  year={2004},
  publisher={University of Toronto}
}

@inproceedings{weinberger2007metric,
  title={Metric learning for kernel regression},
  author={Weinberger, Kilian Q and Tesauro, Gerald},
  booktitle={Artificial Intelligence and Statistics},
  pages={612--619},
  year={2007}
}

@article{bellet2013survey,
  title={A survey on metric learning for feature vectors and structured data},
  author={Bellet, Aur{\'e}lien and Habrard, Amaury and Sebban, Marc},
  journal={arXiv preprint arXiv:1306.6709},
  year={2013}
}

@article{kulis2013metric,
  title={Metric learning: A survey},
  author={Kulis, Brian and others},
  journal={Foundations and Trends in Machine Learning},
  volume={5},
  number={4},
  pages={287--364},
  year={2013},
  publisher={Now Publishers, Inc.}
}

@article{triantafillou2019meta,
  title={Meta-dataset: A dataset of datasets for learning to learn from few examples},
  author={Triantafillou, Eleni and Zhu, Tyler and Dumoulin, Vincent and Lamblin, Pascal and Xu, Kelvin and Goroshin, Ross and Gelada, Carles and Swersky, Kevin and Manzagol, Pierre-Antoine and Larochelle, Hugo},
  journal={arXiv preprint arXiv:1903.03096},
  year={2019}
}

@article{ren2018meta,
  title={Meta-Learning for Semi-Supervised Few-Shot Classification},
  author={Ren, Mengye and Triantafillou, Eleni and Ravi, Sachin and Snell, Jake and Swersky, Kevin and Tenenbaum, Joshua B and Larochelle, Hugo and Zemel, Richard S},
  journal={arXiv preprint arXiv:1803.00676},
  year={2018}
}

@inproceedings{salakhutdinov2007learning,
  title={Learning a nonlinear embedding by preserving class neighbourhood structure},
  author={Salakhutdinov, Ruslan and Hinton, Geoff},
  booktitle={Artificial Intelligence and Statistics},
  pages={412--419},
  year={2007}
}

@inproceedings{goldberger2005neighbourhood,
  title={Neighbourhood components analysis},
  author={Goldberger, Jacob and Hinton, Geoffrey E and Roweis, Sam T and Salakhutdinov, Ruslan R},
  booktitle={Advances in neural information processing systems},
  pages={513--520},
  year={2005}
}

@article{vanschoren2010understanding,
  title={Understanding Machine Learning Performance with Experiment Databases (Het verwerven van inzichten in leerperformantie met experiment databanken)},
  author={Vanschoren, Joaquin},
  year={2010}
}

@article{gomes2012combining,
  title={Combining meta-learning and search techniques to select parameters for support vector machines},
  author={Gomes, Taciana AF and Prud{\^e}ncio, Ricardo BC and Soares, Carlos and Rossi, Andr{\'e} LD and Carvalho, Andr{\'e}},
  journal={Neurocomputing},
  volume={75},
  number={1},
  pages={3--13},
  year={2012},
  publisher={Elsevier}
}

@inproceedings{de2012experimental,
  title={An experimental study of the combination of meta-learning with particle swarm algorithms for svm parameter selection},
  author={de Miranda, P{\'e}ricles BC and Prud{\^e}ncio, Ricardo BC and de Carvalho, Andre Carlos PLF and Soares, Carlos},
  booktitle={International Conference on Computational Science and Its Applications},
  pages={562--575},
  year={2012},
  organization={Springer}
}

@article{smith2009cross,
  title={Cross-disciplinary perspectives on meta-learning for algorithm selection},
  author={Smith-Miles, Kate A},
  journal={ACM Computing Surveys (CSUR)},
  volume={41},
  number={1},
  pages={6},
  year={2009},
  publisher={ACM}
}

@article{lemke2015metalearning,
  title={Metalearning: a survey of trends and technologies},
  author={Lemke, Christiane and Budka, Marcin and Gabrys, Bogdan},
  journal={Artificial intelligence review},
  volume={44},
  number={1},
  pages={117--130},
  year={2015},
  publisher={Springer}
}

@incollection{rice1976algorithm,
  title={The algorithm selection problem},
  author={Rice, John R},
  booktitle={Advances in computers},
  volume={15},
  pages={65--118},
  year={1976},
  publisher={Elsevier}
}

@article{soares2004meta,
  title={A meta-learning method to select the kernel width in support vector regression},
  author={Soares, Carlos and Brazdil, Pavel B and Kuba, Petr},
  journal={Machine learning},
  volume={54},
  number={3},
  pages={195--209},
  year={2004},
  publisher={Springer}
}

@article{nielsen2008quantitative,
  title={Quantitative predictions of peptide binding to any HLA-DR molecule of known sequence: NetMHCIIpan},
  author={Nielsen, Morten and Lundegaard, Claus and Blicher, Thomas and Peters, Bjoern and Sette, Alessandro and Justesen, Sune and Buus, S{\o}ren and Lund, Ole},
  journal={PLoS computational biology},
  volume={4},
  number={7},
  pages={e1000107},
  year={2008},
  publisher={Public Library of Science}
}

@article{giguere2013learning,
  title={Learning a peptide-protein binding affinity predictor with kernel ridge regression},
  author={Gigu{\`e}re, S{\'e}bastien and Marchand, Mario and Laviolette, Fran{\c{c}}ois and Drouin, Alexandre and Corbeil, Jacques},
  journal={BMC bioinformatics},
  volume={14},
  number={1},
  pages={82},
  year={2013},
  publisher={BioMed Central}
}

@article{karosiene2013netmhciipan,
  title={NetMHCIIpan-3. 0, a common pan-specific MHC class II prediction method including all three human MHC class II isotypes, HLA-DR, HLA-DP and HLA-DQ},
  author={Karosiene, Edita and Rasmussen, Michael and Blicher, Thomas and Lund, Ole and Buus, S{\o}ren and Nielsen, Morten},
  journal={Immunogenetics},
  volume={65},
  number={10},
  pages={711--724},
  year={2013},
  publisher={Springer}
}

@article{bordner2010prediction,
  title={Prediction of the binding affinities of peptides to class II MHC using a regularized thermodynamic model},
  author={Bordner, Andrew J and Mittelmann, Hans D},
  journal={BMC bioinformatics},
  volume={11},
  number={1},
  pages={41},
  year={2010},
  publisher={BioMed Central}
}

@article{ravi2016optimization,
  title={Optimization as a model for few-shot learning},
  journal={International Conference on Learning Representations},
  author={Ravi, Sachin and Larochelle, Hugo},
  year={2016}
}

@article{edwards2016towards,
  title={Towards a neural statistician},
  author={Edwards, Harrison and Storkey, Amos},
  journal={arXiv preprint arXiv:1606.02185},
  year={2016}
}

@inproceedings{triantafillou2017few,
  title={Few-shot learning through an information retrieval lens},
  author={Triantafillou, Eleni and Zemel, Richard and Urtasun, Raquel},
  booktitle={Advances in Neural Information Processing Systems},
  pages={2252--2262},
  year={2017}
}

@article{santoro2016one,
  title={One-shot learning with memory-augmented neural networks},
  author={Santoro, Adam and Bartunov, Sergey and Botvinick, Matthew and Wierstra, Daan and Lillicrap, Timothy},
  journal={arXiv preprint arXiv:1605.06065},
  year={2016}
}

@inproceedings{williams1996gaussian,
  title={Gaussian processes for regression},
  author={Williams, Christopher KI and Rasmussen, Carl Edward},
  booktitle={Advances in neural information processing systems},
  pages={514--520},
  year={1996}
}


@inproceedings{santoro2016meta,
  title={Meta-learning with memory-augmented neural networks},
  author={Santoro, Adam and Bartunov, Sergey and Botvinick, Matthew and Wierstra, Daan and Lillicrap, Timothy},
  booktitle={International conference on machine learning},
  pages={1842--1850},
  year={2016}
}

@inproceedings{fe2003bayesian,
  title={A Bayesian approach to unsupervised one-shot learning of object categories},
  author={Fe-Fei, Li and others},
  booktitle={Computer Vision, 2003. Proceedings. Ninth IEEE International Conference on},
  pages={1134--1141},
  year={2003},
  organization={IEEE}
}

@article{belghazi2018mine,
  title={Mine: mutual information neural estimation},
  author={Belghazi, Mohamed Ishmael and Baratin, Aristide and Rajeswar, Sai and Ozair, Sherjil and Bengio, Yoshua and Courville, Aaron and Hjelm, R Devon},
  journal={arXiv preprint arXiv:1801.04062},
  year={2018}
}